<record><leader>00000cas a2200000 a 4500</leader><controlfield tag="001">9941271</controlfield><controlfield tag="008">830923d18101811mauwr ne      0    0eng c</controlfield><datafield ind1=" " ind2=" " tag="010"><subfield code="a">sn 83021199 </subfield></datafield><datafield ind1=" " ind2=" " tag="040"><subfield code="a">NPX</subfield><subfield code="b">eng</subfield><subfield code="c">NPX</subfield><subfield code="d">NPA</subfield><subfield code="d">NPU</subfield><subfield code="d">DLC</subfield><subfield code="d">NJW</subfield><subfield code="d">KNP</subfield><subfield code="d">MFN</subfield><subfield code="d">YOX</subfield><subfield code="d">KNP</subfield><subfield code="d">HUL</subfield><subfield code="d">MGN</subfield><subfield code="d">DLC</subfield><subfield code="d">FUG</subfield><subfield code="d">DLC</subfield><subfield code="d">OCL</subfield><subfield code="d">CVF</subfield><subfield code="d">NYS</subfield><subfield code="d">BUF</subfield><subfield code="d">KRTAS</subfield><subfield code="d">OCLCQ</subfield><subfield code="d">OCLCF</subfield><subfield code="d">OCLCO</subfield></datafield><datafield ind1="1" ind2=" " tag="029"><subfield code="a">AU@</subfield><subfield code="b">000020286425</subfield></datafield><datafield ind1=" " ind2=" " tag="042"><subfield code="a">pcc</subfield></datafield><datafield ind1=" " ind2=" " tag="043"><subfield code="a">n-us-ma</subfield></datafield><datafield ind1="0" ind2="0" tag="050"><subfield code="a">Newspaper</subfield></datafield><datafield ind1="1" ind2="4" tag="050"><subfield code="a">AP2.A2</subfield><subfield code="b">A63 Box 63</subfield></datafield><datafield ind1="0" ind2=" " tag="130"><subfield code="a">Massachusetts spy, or, Worcester gazette (Worcester, Mass. : 1810)</subfield></datafield><datafield ind1="1" ind2="4" tag="245"><subfield code="a">The Massachusetts spy, or, Worcester gazette.</subfield></datafield><datafield ind1="3" ind2="0" tag="246"><subfield code="a">Worcester gazette</subfield></datafield><datafield ind1=" " ind2=" " tag="260"><subfield code="a">Worcester, Mass. :</subfield><subfield code="b">J. Elliot,</subfield><subfield code="c">1810-1811.</subfield></datafield><datafield ind1=" " ind2=" " tag="300"><subfield code="a">1 v.</subfield></datafield><datafield ind1=" " ind2=" " tag="310"><subfield code="a">Weekly</subfield></datafield><datafield ind1="0" ind2=" " tag="362"><subfield code="a">Vol. 39, no. 1958 (Oct. 17, 1810)-v. 39, no. 1976 (Feb. 20, 1811).</subfield></datafield><datafield ind1="4" ind2=" " tag="510"><subfield code="a">Brigham, C.S. Amer. newspapers</subfield><subfield code="c">p. 415</subfield></datafield><datafield ind1=" " ind2=" " tag="530"><subfield code="a">Also issued in microform from Readex Microprint Corp.</subfield></datafield><datafield ind1=" " ind2=" " tag="555"><subfield code="a">Rice, R.P. Worcester newspaper index, 1783-1848.</subfield></datafield><datafield ind1=" " ind2="0" tag="651"><subfield code="a">Worcester (Mass.)</subfield><subfield code="v">Newspapers.</subfield></datafield><datafield ind1=" " ind2="0" tag="651"><subfield code="a">Worcester County (Mass.)</subfield><subfield code="v">Newspapers.</subfield></datafield><datafield ind1=" " ind2="7" tag="655"><subfield code="a">Newspapers.</subfield><subfield code="2">fast</subfield><subfield code="0">(OCoLC)fst01423814</subfield></datafield><datafield ind1=" " ind2="7" tag="651"><subfield code="a">Massachusetts</subfield><subfield code="z">Worcester.</subfield><subfield code="2">fast</subfield><subfield code="0">(OCoLC)fst01207904</subfield></datafield><datafield ind1=" " ind2="7" tag="651"><subfield code="a">Massachusetts</subfield><subfield code="z">Worcester County.</subfield><subfield code="2">fast</subfield><subfield code="0">(OCoLC)fst01218226</subfield></datafield><datafield ind1=" " ind2=" " tag="752"><subfield code="a">United States</subfield><subfield code="b">Massachusetts</subfield><subfield code="c">Worcester</subfield><subfield code="d">Worcester.</subfield></datafield><datafield ind1="0" ind2=" " tag="776"><subfield code="c">Microopaque</subfield><subfield code="w">(OCoLC)33446508</subfield></datafield><datafield ind1="0" ind2=" " tag="776"><subfield code="c">Microfilm</subfield><subfield code="w">(OCoLC)24557215</subfield></datafield><datafield ind1="0" ind2="0" tag="780"><subfield code="t">Thomas's Massachusetts spy, or, the Worcester gazette (Worcester, Mass. : 1788)</subfield><subfield code="w">(DLC)sn 83021198</subfield><subfield code="w">(OCoLC)9940314</subfield></datafield><datafield ind1="0" ind2="0" tag="785"><subfield code="t">Thomas's Massachusetts spy, or, Worcester gazette (Worcester, Mass. : 1811)</subfield><subfield code="w">(DLC)sn 83021200</subfield><subfield code="w">(OCoLC)9952273</subfield></datafield><datafield ind1=" " ind2=" " tag="850"><subfield code="a">MH</subfield></datafield><datafield ind1=" " ind2=" " tag="938"><subfield code="a">Kirtas Technologies, Inc.</subfield><subfield code="b">KRTS</subfield><subfield code="n">737473</subfield></datafield></record>